@article{IlesSmith:2014db,
author = {Iles-Smith, Jake and Lambert, Neill and Nazir, Ahsan},
title = {{Environmental dynamics, correlations, and the emergence of noncanonical equilibrium states in open quantum systems}},
journal = {Phys. Rev. A},
year = {2014},
volume = {90},
number = {3},
pages = {032114},
month = sep
}


@misc{bGroup,
  author={Encyclopedia of Mathematics},
  title = {Group},
  howpublished = {\url{
    https://www.encyclopediaofmath.org/index.php/Group
  }},
  note = {Accessed: 2019-10-10}
}


@article{frahm2009diffusion,
  title={Diffusion and localization for the Chirikov typical map},
  author={Frahm, Klaus M and Shepelyansky, Dima L},
  journal={Physical Review E},
  volume={80},
  number={1},
  pages={016210},
  year={2009},
  publisher={APS}
}


@book{lichtenberg2013regular,
  title={Regular and chaotic dynamics},
  author={Lichtenberg, Allan J and Lieberman, Michael A},
  volume={38},
  year={2013},
  publisher={Springer Science \& Business Media}
}


@misc{steck2001quantum,
  title={Quantum chaos, transport, and decoherence in atom optics},
  author={Steck, Daniel A},
  journal={These de doctorat, The University of Texas at Austin.},
  chapter={Chapter 4 Localization and Decoherence in the Kicked Rotor},
  year={2001},
  howpublished={\url{ https://steck.us/dissertation/das_diss.pdf}}
}

@article{bTannor,
author = {Pounds, Andrew J.},
title = {Introduction to Quantum Mechanics: A Time-Dependent Perspective (David J. Tannor)},
journal = {Journal of Chemical Education},
volume = {85},
number = {7},
pages = {919},
year = {2008},
doi = {10.1021/ed085p919},
}

@book{reichl2013transition,
  title={The transition to chaos: conservative classical systems and quantum manifestations},
  author={Reichl, Linda},
  year={2013},
  publisher={Springer Science \& Business Media}
}

@article{Tatarski,
author = {Tatarski},
title = {The Wigner representation of quantum mechanics},
journal = {Soviet Physics Uspekhi},
volume = {26},
number = {4},
pages = {315},
year = {1983},
doi = {10.1070/PU1983v026n04abeh004345},
}


@article{iles2014environmental,
  title={Environmental dynamics, correlations, and the emergence of noncanonical equilibrium states in open quantum systems},
  author={Iles-Smith, Jake and Lambert, Neill and Nazir, Ahsan},
  journal={Physical Review A},
  volume={90},
  number={3},
  pages={032114},
  year={2014},
  publisher={APS}
}

@article{schaller2020theorie,
  title={Theorie des Quantentransports},
  author={Schaller, Gernot},
  year={2020}
}

@article{thoss2001self,
  title={Self-consistent hybrid approach for complex systems: Application to the spin-boson model with Debye spectral density},
  author={Thoss, Michael and Wang, Haobin and Miller, William H},
  journal={The Journal of Chemical Physics},
  volume={115},
  number={7},
  pages={2991--3005},
  year={2001},
  publisher={American Institute of Physics}
}