
@article{RC_addeso,
  title={Pushing the limits of the reaction-coordinate mapping},
  author={Correa, Luis A and Xu, Buqing and Morris, Benjamin and Adesso, Gerardo},
  journal={arXiv preprint arXiv:1905.13673},
  year={2019}
}



@article{molecular_int,
  title={Accounting for intra-molecular vibrational modes in open quantum system description of molecular systems},
  author={Roden, Jan and Strunz, Walter T and Whaley, K Birgitta and Eisfeld, Alexander},
  journal={The Journal of chemical physics},
  volume={137},
  number={20},
  pages={204110},
  year={2012},
  publisher={AIP}
}


@article{nano_int,
  title={Quantum thermometry using the ac Stark shift within the Rabi model},
  author={Higgins, Kieran DB and Lovett, Brendon W and Gauger, Erik M},
  journal={Physical Review B},
  volume={88},
  number={15},
  pages={155409},
  year={2013},
  publisher={APS}
}


@article{no_markovian_review,
  title={Dynamics of non-Markovian open quantum systems},
  author={De Vega, In{\'e}s and Alonso, Daniel},
  journal={Reviews of Modern Physics},
  volume={89},
  number={1},
  pages={015001},
  year={2017},
  publisher={APS}
}

@article{open_systems_aolita ,
  title={Open-system dynamics of entanglement: a key issues review},
  author={Aolita, Leandro and De Melo, Fernando and Davidovich, Luiz},
  journal={Reports on Progress in Physics},
  volume={78},
  number={4},
  pages={042001},
  year={2015},
  publisher={IOP Publishing}
}

@article{Gernot_thermodynamics,
  title={Nonequilibrium thermodynamics in the strong coupling and non-Markovian regime based on a reaction coordinate mapping},
  author={Strasberg, Philipp and Schaller, Gernot and Lambert, Neill and Brandes, Tobias},
  journal={New Journal of Physics},
  volume={18},
  number={7},
  pages={073007},
  year={2016},
  publisher={IOP Publishing}
}



@article{TLS_Nazir,
  title={Environmental dynamics, correlations, and the emergence of noncanonical equilibrium states in open quantum systems},
  author={Iles-Smith, Jake and Lambert, Neill and Nazir, Ahsan},
  journal={Physical Review A},
  volume={90},
  number={3},
  pages={032114},
  year={2014},
  publisher={APS}
}


@incollection{book_chapter,
  title={The reaction coordinate mapping in quantum thermodynamics},
  author={Nazir, Ahsan and Schaller, Gernot},
  booktitle={Thermodynamics in the Quantum Regime},
  pages={551--577},
  year={2018},
  publisher={Springer}
}


@article{Carlos_trajectories,
  title={Average entanglement dynamics in open two-qubit systems with continuous monitoring},
  author={Guevara, Ivonne and Viviescas, Carlos},
  journal={Physical Review A},
  volume={90},
  number={1},
  pages={012338},
  year={2014},
  publisher={APS}
}


@article{QD_Gernot,
  title={Electron pumping in the strong coupling and non-Markovian regime: A reaction coordinate mapping approach},
  author={Restrepo, Sebastian and B{\"o}hling, Sina and Cerrillo, Javier and Schaller, Gernot},
  journal={arXiv preprint arXiv:1905.00581},
  year={2019}
}

@article{ions,
  title={Architecture for a large-scale ion-trap quantum computer},
  author={Kielpinski, David and Monroe, Chris and Wineland, David J},
  journal={Nature},
  volume={417},
  number={6890},
  pages={709},
  year={2002},
  publisher={Nature Publishing Group}
}

@article{quantum_trajectories,
  title={Observing single quantum trajectories of a superconducting quantum bit},
  author={Murch, KW and Weber, SJ and Macklin, Christopher and Siddiqi, Irfan},
  journal={Nature},
  volume={502},
  number={7470},
  pages={211},
  year={2013},
  publisher={Nature Publishing Group}
}


@article{ultracold_atoms,
  title={Spatial quantum noise interferometry in expanding ultracold atom clouds},
  author={F{\"o}lling, Simon and Gerbier, Fabrice and Widera, Artur and Mandel, Olaf and Gericke, Tatjana and Bloch, Immanuel},
  journal={Nature},
  volume={434},
  number={7032},
  pages={481},
  year={2005},
  publisher={Nature Publishing Group}
}

@article{nanoparticles_levitated,
  title={Cavity cooling a single charged levitated nanosphere},
  author={Millen, J and Fonseca, PZG and Mavrogordatos, T and Monteiro, TS and Barker, PF},
  journal={Physical review letters},
  volume={114},
  number={12},
  pages={123602},
  year={2015},
  publisher={APS}
}



@article{unitary_transform,
  title={Nonequilibrium energy transfer at nanoscale: A unified theory from weak to strong coupling},
  author={Wang, Chen and Ren, Jie and Cao, Jianshu},
  journal={Scientific reports},
  volume={5},
  pages={11787},
  year={2015},
  publisher={Nature Publishing Group}
}


@article{unitary_2,
  title={Strongly coupled quantum heat machines},
  author={Gelbwaser-Klimovsky, David and Aspuru-Guzik, Al{\'a}n},
  journal={The journal of physical chemistry letters},
  volume={6},
  number={17},
  pages={3477--3482},
  year={2015},
  publisher={ACS Publications}
}

@incollection{Hamiltonian_of_Mean_Force,
  title={Hamiltonian of Mean Force for Strongly-Coupled Systems},
  author={Miller, Harry JD},
  booktitle={Thermodynamics in the Quantum Regime},
  pages={531--549},
  year={2018},
  publisher={Springer}
}

@incollection{Hierarchical_Equations,
  title={Hierarchical Equations of Motion Approach to Quantum Thermodynamics},
  author={Kato, Akihito and Tanimura, Yoshitaka},
  booktitle={Thermodynamics in the Quantum Regime},
  pages={579--595},
  year={2018},
  publisher={Springer}
}



@book{breuer,
  title={The theory of open quantum systems},
  author={Breuer, Heinz-Peter and Petruccione, Francesco and others},
  year={2002},
  publisher={Oxford University Press on Demand}
}
%%%%%%%%%%%%%%%%%%%%%%%%%%%%%%%%%%%%%%%%%%%%%%%%%%%%%%%%%%%%%%%%%%%%%

@article{mane2,
  title={Siberian Snakes in high-energy accelerators},
  author={Mane, SR and Shatunov, Yu M and Yokoya, K},
  journal={Journal of Physics G: Nuclear and Particle Physics},
  volume={31},
  number={9},
  pages={R151},
  year={2005},
  publisher={IOP Publishing}
}


@article{mane1,
  title={Spin-polarized charged particle beams in high-energy accelerators},
  author={Mane, SR and Shatunov, Yu M and Yokoya, K},
  journal={Reports on Progress in Physics},
  volume={68},
  number={9},
  pages={1997},
  year={2005},
  publisher={IOP Publishing}
}


@article{t1,
  title={Precession of the polarization of particles moving in a homogeneous electromagnetic field},
  author={Bargmann, Valentine and Michel, Louis and Telegdi, Valentine L},
  journal={Physical Review Letters},
  volume={2},
  number={10},
  pages={435},
  year={1959},
  publisher={APS}
}


@incollection{t2,
  title={Acceleration of polarized beams using multiple strong partial Siberian snakes},
  author={Roser, Thomas and Ahrens, LA and Bai, Mei and Courant, Ernest D and Glenn, JW and Gupta, Ramesh C and Huang, Haixin and Luccio, Alfredo U and MacKay, WW and Tsoupas, Nicholaos and others},
  booktitle={Spin 2004: (With CD-ROM)},
  pages={687--690},
  year={2005},
  publisher={World Scientific}
}


@article{t3,
  title={Polarized Proton Collisions at RILP-IC},
  author={Bai, M and Ahrens, L and Alekseev, IG and Alessi, J and Beebe-Wang, J and Butler, J and Cameron, P and Connolly, R and Delong, J and D'Ottavio, T and others},
  year={2005}
}

@inproceedings{principal,
  title={Accelerator Rings with Polarized Beams and Spin Manipulation},
  author={Hoffstaetter, Georg H},
  booktitle={Prepared for},
  pages={85--126},
  year={2002}
}


@techreport{2018muon,
  title={Muon Beam Dynamics and Spin Dynamics in the g-2 Storage Ring},
  author={Rubin, David and Chapelain, Antoine and Charity, Saskia and Crnkovic, Jason and Gray, Frederick and Morse, William and Mott, James and Price, Joseph and Tishchenko, Vladimir and Wu, Wanwei},
  year={2018},
  institution={Fermi National Accelerator Lab.(FNAL), Batavia, IL (United States)}
}